@online{raffael,
	url="https://en.wikipedia.org/wiki/The_School_of_Athens",
	title="The School of Athens",
	author="Raffael",
	year={1509 -- 1511}
}

@online{simplicityquote,
	url="https://vanderburg.org/etc/soft-quotes.html",
	author="Glenn Vanderburg",
	urldate={2019-04-12},
	title="Quotations About Software Design"
}

@online{kerkhoffwiki,
	url="https://de.wikipedia.org/wiki/Kerckhoffs%E2%80%99_Prinzip",
	urldate={2019-04-12},
	title="Kerckhoffs' Prinzip --- Wikipedia"
}

@online{kathedralewiki,
	author="Eric Steven Raymond",
	title="Die Kathedrale und der Basar, von Wikipedia",
	url="https://de.wikipedia.org/wiki/Die_Kathedrale_und_der_Basar",
	urldate={2019-04-25}
}
